
@inproceedings{muller03,
  author    = {Matthias MÃ¼ller and Daniel Charypar and Markus Gross},
  title     = {Particle-Based Fluid Simulation for Interactive Applications},
  booktitle = {Symposium on Computer Animation (SCA)},
  year      = {2003},
  url       = {https://matthias-research.github.io/pages/publications/sca03.pdf},
}

@misc{key,
  author    = {Sebastian Lague},
  title     = {Coding Adventure: Simulating Fluids},
  year      = {2023},
  url       = {https://www.youtube.com/watch?v=rSKMYc1CQHE},
}
